<record xmlns="http://www.loc.gov/MARC21/slim" xmlns:xsi="http://www.w3.org/2001/XMLSchema-instance" xsi:schemaLocation="http://www.loc.gov/MARC21/slim http://www.loc.gov/standards/marcxml/schema/MARC21slim.xsd"><leader>00783nz   2200241n  4500</leader><controlfield tag="001">oca00559453 </controlfield><controlfield tag="005">19840322000000.0</controlfield><controlfield tag="008">810223n| acannaab|          |a aaa |||  </controlfield><datafield ind1=" " ind2=" " tag="010"><subfield code="a">n  81013545 </subfield></datafield><datafield ind1=" " ind2=" " tag="040"><subfield code="a">DLC</subfield><subfield code="c">DLC</subfield></datafield><datafield ind1="0" ind2=" " tag="100"><subfield code="a">Callinus,</subfield><subfield code="c">of Ephesus.</subfield></datafield><datafield ind1="1" ind2=" " tag="400"><subfield code="a">Ephesus, Callinus of</subfield></datafield><datafield ind1="0" ind2=" " tag="400"><subfield code="a">Kallinos,</subfield><subfield code="c">von Ephesos</subfield></datafield><datafield ind1="0" ind2=" " tag="400"><subfield code="a">Kallinos,</subfield><subfield code="c">aus Ephesos</subfield></datafield><datafield ind1="0" ind2=" " tag="400"><subfield code="a">Callinus</subfield></datafield><datafield ind1="0" ind2=" " tag="400"><subfield code="a">Callinus Ephesius</subfield></datafield><datafield ind1="1" ind2=" " tag="400"><subfield code="a">Ephesius, Callinus</subfield></datafield><datafield ind1="1" ind2=" " tag="400"><subfield code="a">Ephesos, Kallinos von</subfield></datafield><datafield ind1="1" ind2=" " tag="400"><subfield code="a">Ephesos, Kallinos aus</subfield></datafield><datafield ind1=" " ind2=" " tag="670"><subfield code="a">[Homerus] Translations of two passages of the Iliad and of a fragment of Kallinos ... 1943.</subfield></datafield><datafield ind1=" " ind2=" " tag="670"><subfield code="a">Harper's dict.</subfield><subfield code="b">(Callinus, native of Ephesus)</subfield></datafield><datafield ind1=" " ind2=" " tag="670"><subfield code="a">Enc. Brit.</subfield><subfield code="b">(Callinus)</subfield></datafield><datafield ind1=" " ind2=" " tag="670"><subfield code="a">Oxford class. dict.</subfield><subfield code="b">(Callinus ... of Ephesus)</subfield></datafield></record>